<?xml version="1.0" encoding="UTF-8"?>
<OAI-PMH xmlns="http://www.openarchives.org/OAI/2.0/" xmlns:xsi="http://www.w3.org/2001/XMLSchema-instance" xsi:schemaLocation="http://www.openarchives.org/OAI/2.0/ http://www.openarchives.org/OAI/2.0/OAI-PMH.xsd">
<ListRecords>
<record>
<header status="updated">
<identifier>urm_publish:71280801610002121</identifier>
</header>
<metadata>
<record xmlns="http://www.loc.gov/MARC21/slim" xmlns:xsi="http://www.w3.org/2001/XMLSchema-instance" xsi:schemaLocation="http://www.loc.gov/MARC21/slim http://www.loc.gov/standards/marcxml/schema/MARC21slim.xsd" ><leader>01050nam a2200349 a 4500</leader><controlfield tag="005">19990604082155.0</controlfield><controlfield tag="008">850923s1984    enkab         00010 eng  </controlfield><controlfield tag="001">999564840902121</controlfield><datafield tag="010" ind1=" " ind2=" "><subfield code="a">   85675579 /MAP</subfield></datafield><datafield tag="020" ind1=" " ind2=" "><subfield code="a">0092028403 :</subfield><subfield code="c">£17.95</subfield></datafield><datafield tag="034" ind1="0" ind2=" "><subfield code="a">a</subfield></datafield><datafield tag="035" ind1=" " ind2=" "><subfield code="a">(OCoLC)12808614</subfield></datafield><datafield tag="035" ind1=" " ind2=" "><subfield code="9">AFS6295UW</subfield></datafield><datafield tag="035" ind1=" " ind2=" "><subfield code="a">(WU)997800-uwmadisondb</subfield></datafield><datafield tag="039" ind1="0" ind2=" "><subfield code="a">2</subfield><subfield code="b">3</subfield><subfield code="c">3</subfield><subfield code="d">3</subfield><subfield code="e">3</subfield></datafield><datafield tag="040" ind1=" " ind2=" "><subfield code="a">DLC</subfield><subfield code="b">eng</subfield><subfield code="c">DLC</subfield><subfield code="d">GZM</subfield></datafield><datafield tag="050" ind1="0" ind2=" "><subfield code="a">G1021</subfield><subfield code="b">.G377 1984</subfield></datafield><datafield tag="082" ind1="0" ind2=" "><subfield code="a">912</subfield><subfield code="2">19</subfield></datafield><datafield tag="110" ind1="2" ind2=" "><subfield code="a">Geographia Ltd.</subfield><subfield code="2">LCNAMES</subfield><subfield code="0">41-LIBRARY_OF_CONGRESS-n  80045835</subfield><subfield code="9">Y</subfield></datafield><datafield tag="245" ind1="1" ind2="0"><subfield code="a">Geographia atlas of the world /</subfield><subfield code="c">Geographia.</subfield></datafield><datafield tag="246" ind1="3" ind2=" "><subfield code="a">Atlas of the world.</subfield></datafield><datafield tag="255" ind1=" " ind2=" "><subfield code="a">Scales differ.</subfield></datafield><datafield tag="264" ind1=" " ind2="1"><subfield code="a">London :</subfield><subfield code="b">Geographia Ltd.,</subfield><subfield code="c">1984.</subfield></datafield><datafield tag="300" ind1=" " ind2=" "><subfield code="a">1 atlas (294 pages) :</subfield><subfield code="b">color illustrations, color maps ;</subfield><subfield code="c">34 cm</subfield></datafield><datafield tag="336" ind1=" " ind2=" "><subfield code="a">text</subfield><subfield code="b">txt</subfield><subfield code="2">rdacontent</subfield></datafield><datafield tag="337" ind1=" " ind2=" "><subfield code="a">unmediated</subfield><subfield code="b">n</subfield><subfield code="2">rdamedia</subfield></datafield><datafield tag="338" ind1=" " ind2=" "><subfield code="a">volume</subfield><subfield code="b">nc</subfield><subfield code="2">rdacarrier</subfield></datafield><datafield tag="500" ind1=" " ind2=" "><subfield code="a">"Esselte Map Service"--On all maps.</subfield></datafield><datafield tag="500" ind1=" " ind2=" "><subfield code="a">Legend and key map on end papers.</subfield></datafield><datafield tag="650" ind1=" " ind2="0"><subfield code="a">Atlases</subfield><subfield code="z">Great Britain.</subfield><subfield code="2">LCSH</subfield><subfield code="0">41-LIBRARY_OF_CONGRESS-sh 85009236</subfield><subfield code="9">Y</subfield></datafield><datafield tag="710" ind1="2" ind2=" "><subfield code="a">Esselte kartor (Firm)</subfield><subfield code="2">LCNAMES</subfield><subfield code="0">41-LIBRARY_OF_CONGRESS-n  82136113</subfield><subfield code="9">Y</subfield></datafield><datafield tag="997" ind1=" " ind2=" "><subfield code="a">MARCIVE</subfield></datafield><datafield tag="110" ind1="2" ind2=" "><subfield code="w">nnaa</subfield><subfield code="a">Geographia, ltd., London</subfield><subfield code="2">LCNAMES</subfield><subfield code="0">41-LIBRARY_OF_CONGRESS-n  80045835</subfield><subfield code="9">N</subfield></datafield><datafield tag="650" ind1=" " ind2="0"><subfield code="w">nne</subfield><subfield code="a">Atlases, British</subfield><subfield code="2">LCSH</subfield><subfield code="0">41-LIBRARY_OF_CONGRESS-sh 85009236</subfield><subfield code="9">N</subfield></datafield><datafield tag="650" ind1=" " ind2="0"><subfield code="a">British atlases</subfield><subfield code="2">LCSH</subfield><subfield code="0">41-LIBRARY_OF_CONGRESS-sh 85009236</subfield><subfield code="9">N</subfield></datafield><datafield tag="710" ind1="2" ind2=" "><subfield code="a">Esselte Map Service</subfield><subfield code="2">LCNAMES</subfield><subfield code="0">41-LIBRARY_OF_CONGRESS-n  82136113</subfield><subfield code="9">N</subfield></datafield><datafield tag="710" ind1="2" ind2=" "><subfield code="a">Esselte Maps (Firm)</subfield><subfield code="2">LCNAMES</subfield><subfield code="0">41-LIBRARY_OF_CONGRESS-n  82136113</subfield><subfield code="9">N</subfield></datafield><datafield tag="710" ind1="2" ind2=" "><subfield code="a">Esselte kartor AB</subfield><subfield code="2">LCNAMES</subfield><subfield code="0">41-LIBRARY_OF_CONGRESS-n  82136113</subfield><subfield code="9">N</subfield></datafield><datafield tag="710" ind1="2" ind2=" "><subfield code="w">nnaa</subfield><subfield code="a">Esselte Map Service a.b., Stockholm</subfield><subfield code="2">LCNAMES</subfield><subfield code="0">41-LIBRARY_OF_CONGRESS-n  82136113</subfield><subfield code="9">N</subfield></datafield><datafield tag="710" ind1="2" ind2=" "><subfield code="a">Jui-tien Ai-sai-erh-tʻe ti tʻu kung ssu</subfield><subfield code="2">LCNAMES</subfield><subfield code="0">41-LIBRARY_OF_CONGRESS-n  82136113</subfield><subfield code="9">N</subfield></datafield><datafield tag="710" ind1="2" ind2=" "><subfield code="a">Ai-sai-erh-tʻe ti tʻu kung ssu</subfield><subfield code="2">LCNAMES</subfield><subfield code="0">41-LIBRARY_OF_CONGRESS-n  82136113</subfield><subfield code="9">N</subfield></datafield><datafield tag="710" ind1="2" ind2=" "><subfield code="w">b</subfield><subfield code="a">GLA kartor (Firm)</subfield><subfield code="2">LCNAMES</subfield><subfield code="0">41-LIBRARY_OF_CONGRESS-n  82136113</subfield><subfield code="9">R</subfield></datafield><datafield tag="INST" ind1=" " ind2=" "><subfield code="a">01UWI_NETWORK</subfield><subfield code="b">P</subfield><subfield code="c">71280801610002121</subfield></datafield><datafield tag="INST" ind1=" " ind2=" "><subfield code="a">01UWI_MAD</subfield><subfield code="b">P</subfield><subfield code="c">21534733060002122</subfield></datafield><datafield tag="INST" ind1=" " ind2=" "><subfield code="a">01UWI_ML</subfield><subfield code="b">P</subfield><subfield code="c">21180634520002124</subfield></datafield><datafield tag="AVA" ind1=" " ind2=" "><subfield code="0">999978003602122</subfield><subfield code="8">22854728840002122</subfield><subfield code="a">01UWI_MAD</subfield><subfield code="b">REMOTE</subfield><subfield code="c">by request only</subfield><subfield code="d">G1021 G377 1984</subfield><subfield code="e">available</subfield><subfield code="f">1</subfield><subfield code="g">0</subfield><subfield code="j">vsf</subfield><subfield code="k">0</subfield><subfield code="p">1</subfield><subfield code="q">Verona Shelving Facility</subfield></datafield><datafield tag="AVA" ind1=" " ind2=" "><subfield code="0">995178153402124</subfield><subfield code="8">22180634510002124</subfield><subfield code="a">01UWI_ML</subfield><subfield code="b">MIL</subfield><subfield code="c">American Geographical Society Library - Atlas</subfield><subfield code="d">At.050 A-1984h</subfield><subfield code="e">available</subfield><subfield code="f">1</subfield><subfield code="g">0</subfield><subfield code="j">agsatlas</subfield><subfield code="k">8</subfield><subfield code="p">1</subfield><subfield code="q">UW Milwaukee</subfield></datafield><datafield tag="MMS" ind1=" " ind2=" "><subfield code="b">999564840902121</subfield><subfield code="a">01UWI_NETWORK</subfield></datafield><datafield tag="MMS" ind1=" " ind2=" "><subfield code="b">999978003602122</subfield><subfield code="a">01UWI_MAD</subfield></datafield><datafield tag="MMS" ind1=" " ind2=" "><subfield code="b">995178153402124</subfield><subfield code="a">01UWI_ML</subfield></datafield></record>
</metadata>
</record>
</ListRecords>
</OAI-PMH>